
@thesis{cerruti_design_2016,
	title = {Design and Control of a Dexterous Anthropomorphic Robotic Hand},
	pagetotal = {209},
	institution = {Ecole Centrale de Nantes},
	type = {phdthesis},
	author = {Cerruti, Giulio},
	date = {2016},
}

@online{techmartian_3d_nodate,
	title = {3D Printed Robotic Hand With Bluetooth Control},
	url = {https://www.instructables.com/3D-Printed-Robotic-Hand/},
	abstract = {3D Printed Robotic Hand With Bluetooth Control: Need a hand? This is a fully 3D Printed and actuated robotic hand and arm which can be applied to a multitude of use cases like as a prosthetic hand, or just a third 'hand.' It is also fully actuated using 5 servo motors for controlling each individ…},
	titleaddon = {Instructables},
	author = {{TechMartian}},
	urldate = {2021-01-06},
	langid = {english},
	file = {Snapshot:C\:\\Users\\joris\\Zotero\\storage\\GADL2HGF\\3D-Printed-Robotic-Hand.html:text/html},
}

@online{noauthor_arduino_nodate,
	title = {Arduino - Home},
	url = {https://www.arduino.cc/},
	urldate = {2021-01-25},
	file = {Arduino - Home:C\:\\Users\\joris\\Zotero\\storage\\8F8UDUWX\\www.arduino.cc.html:text/html},
}

@online{noauthor_ultimaker_nodate,
	title = {Ultimaker Cura : un logiciel d'impression 3D puissant et facile à utiliser.},
	url = {https://ultimaker.com/fr/software/ultimaker-cura},
	shorttitle = {Ultimaker Cura},
	abstract = {Ultimaker Cura est un logiciel d’impression 3D gratuit et convivial, il est actuellement utilisé par des millions d’utilisateurs. Peaufinez votre modèle 3D avec plus de 400 paramètres différents pour obtenir les meilleurs résultats en matière de découpe et d'impression.},
	titleaddon = {ultimaker.com},
	urldate = {2021-01-13},
	langid = {french},
	file = {Snapshot:C\:\\Users\\joris\\Zotero\\storage\\BD9JEP3H\\ultimaker-cura.html:text/html},
}

@online{noauthor_association_nodate,
	title = {Association Robots!},
	url = {https://www.association-robots.com/},
	urldate = {2021-02-10},
	langid = {french},
}

@misc{anycubic_usuer_nodate,
	title = {Usuer Manual Chiron},
	author = {Anycubic},
}

@misc{cadiou_langage_nodate,
	title = {{LE} {LANGAGE} {DE} {PROGRAMMATION} {ARDUINO}},
	author = {Cadiou, Jean-Charles},
}

@online{imt_imprimer_nodate,
	title = {Imprimer en 3D},
	url = {//www.fun-mooc.fr/courses/course-v1:MinesTelecom+04021+session10/about},
	abstract = {Les imprimantes 3D révolutionnent la manière de produire des objets. De l'idée jusqu’au prototype, apprenez à modéliser et imprimer des objets en 3D},
	titleaddon = {{FUN}-{MOOC}},
	author = {{IMT}},
	urldate = {2021-01-14},
	langid = {french},
	file = {Snapshot:C\:\\Users\\joris\\Zotero\\storage\\QMWKMHDY\\about.html:text/html},
}